<?xml version="1.0" encoding="UTF-8"?><collection xmlns="http://www.loc.gov/MARC21/slim"><record><leader>00653nam--2200241-u-4500</leader><controlfield tag="001">000050384</controlfield><controlfield tag="002">20161230</controlfield><controlfield tag="003">81762</controlfield><controlfield tag="005">20161230201048</controlfield><controlfield tag="008">070202s1000------------r-----000-0-eng-d</controlfield><datafield ind1=" " ind2=" " tag="020"><subfield code="a">981--238-428-6(Set)</subfield></datafield><datafield ind1=" " ind2=" " tag="040"><subfield code="a">IFIN-HH</subfield></datafield><datafield ind1=" " ind2=" " tag="041"><subfield code="a">eng</subfield></datafield><datafield ind1=" " ind2=" " tag="080"><subfield code="a">519.21:530.14:517.958(042)</subfield></datafield><datafield ind1="1" ind2=" " tag="100"><subfield code="a">Attal, Stephane</subfield></datafield><datafield ind1="1" ind2="0" tag="245"><subfield code="a">Quantum Probability Communications</subfield><subfield code="c">Stephane Attal; J. Martin Lindsay (Eds.)</subfield></datafield><datafield ind1=" " ind2=" " tag="260"><subfield code="a">New Jersey</subfield><subfield code="b">World Scientific</subfield><subfield code="c">2003</subfield></datafield><datafield ind1=" " ind2=" " tag="300"><subfield code="a">304 p</subfield></datafield><datafield ind1=" " ind2=" " tag="490"><subfield code="a">Qp-pq</subfield><subfield code="v">Vol.XI</subfield></datafield><datafield ind1=" " ind2="4" tag="650"><subfield code="a">Quantum probability</subfield></datafield><datafield ind1="1" ind2=" " tag="700"><subfield code="a">Lindsay, Martin J</subfield><subfield code="e">Ed</subfield></datafield><datafield ind1=" " ind2=" " tag="852"><subfield code="c">530.14</subfield></datafield><datafield ind1=" " ind2=" " tag="CAT"><subfield code="a">Sys</subfield><subfield code="c">20110324</subfield><subfield code="h">160527</subfield></datafield></record></collection>